@article{ Shewchuk97a,
  author = {Jonathan Richard Shewchuk},
  title = {Adaptive {P}recision {F}loating-{P}oint {A}rithmetic and {F}ast {R}obust {G}eometric {P}redicates},
  journal = {Discrete \& Computational Geometry},
  volume = {18},
  number = {3},
  pages = {305--363},
  month = {Oct},
  year = {1997}
}

@Article{ Moreau2011,
  author = {Moreau, B. and Gouaillard, A.},
  title = {Exact Geometrical Predicate: Point in circle},
  journal = {Insight Journal},
  howpublished = "\url{http://hdl.handle.net/10380/3329}",
  year = {2011},
  month = {Nov}
}

@Article{ Rigaud2012,
  author = {Rigaud, S. and Gouaillard, A.},
  title = {Walking in a triangulation: Straight Walk},
  journal = {Insight Journal},
  howpublished = "\url{http://hdl.handle.net/10380/3341}",
  year = {2012},
  month = {Feb}
}

@inproceedings{ Devillers2001,
  title = {Walking in a triangulation},
  author = {Devillers, O. and Pion, S. and Teillaud, M.},
  booktitle = {Proceedings of the seventeenth annual symposium on Computational geometry},
  pages = {106--114},
  year = {2001},
  organization = {ACM}
}

@Article{ Gouaillard2006,
  author = {Gouaillard, A. and Florez-Valencia, L. and Boix, E.},
  title	= {ItkQuadEdgeMesh: A Discrete Orientable 2-Manifold Data Structure for Image Processing},
  journal = {Insight Journal},
  howpublished	= "\url{http://hdl.handle.net/1926/306}",
  year = {2006},
  month	= {Sep}
}

@inproceedings{ Devillers1998,
  title = {Improved incremental randomized Delaunay triangulation},
  author = {Devillers, O.},
  booktitle = {Proceedings of the fourteenth annual symposium on Computational geometry},
  pages = {106--115},
  year = {1998},
  organization = {ACM}
}

